<?xml version="1.0" encoding="UTF-8"?><collection xmlns="http://www.loc.gov/MARC21/slim"><record><leader>00497nam--2200193-u-4500</leader><controlfield tag="001">000056726</controlfield><controlfield tag="002">20170201</controlfield><controlfield tag="005">20170201151433</controlfield><controlfield tag="008">170201s1000------------r-----000-0-eng-d</controlfield><datafield ind1=" " ind2=" " tag="040"><subfield code="a">IFIN-HH</subfield></datafield><datafield ind1="0" ind2=" " tag="041"><subfield code="a">eng</subfield></datafield><datafield ind1=" " ind2=" " tag="080"><subfield code="a">53</subfield></datafield><datafield ind1="1" ind2=" " tag="100"><subfield code="a">Popescu, Aurel I</subfield></datafield><datafield ind1="1" ind2="0" tag="245"><subfield code="a">Biophysics</subfield><subfield code="b">Current status and future trends</subfield><subfield code="c">Aurel I. Popescu</subfield></datafield><datafield ind1=" " ind2=" " tag="260"><subfield code="a">Bucuresti</subfield><subfield code="b">Editura Academiei</subfield><subfield code="c">2016</subfield></datafield><datafield ind1=" " ind2=" " tag="300"><subfield code="a">232p</subfield></datafield><datafield ind1=" " ind2=" " tag="500"><subfield code="a">Donatia autorului</subfield></datafield><datafield ind1=" " ind2=" " tag="852"><subfield code="a">82441</subfield><subfield code="c">577.3</subfield></datafield><datafield ind1=" " ind2=" " tag="CAT"><subfield code="a">SYS</subfield><subfield code="c">20170201</subfield><subfield code="h">151433</subfield></datafield></record></collection>